
@article{r1,
  title={Artificial intelligence in education: A review},
  author={Chen, Lijia and Chen, Pingping and Lin, Zhijian},
  journal={Ieee Access},
  volume={8},
  pages={75264--75278},
  year={2020},
  publisher={Ieee}
}

@article{r2,
  title={Role of AI in Education},
  author={Harry, Alexandara},
  journal={Interdiciplinary Journal and Hummanity (INJURITY)},
  volume={2},
  number={3},
  pages={260--268},
  year={2023}
}


@article{r3,
  title={Students’ voices on generative AI: Perceptions, benefits, and challenges in higher education},
  author={Chan, Cecilia Ka Yuk and Hu, Wenjie},
  journal={International Journal of Educational Technology in Higher Education},
  volume={20},
  number={1},
  pages={43},
  year={2023},
  publisher={Springer}
}


@article{r4,
  title={The future of AI and education: Some cautionary notes},
  author={Selwyn, Neil},
  journal={European Journal of Education},
  volume={57},
  number={4},
  pages={620--631},
  year={2022},
  publisher={Wiley Online Library}
}



@article{r5,
  title={The AI revolution in education: Will AI replace or assist teachers in higher education?},
  author={Chan, Cecilia Ka Yuk and Tsi, Louisa HY},
  journal={arXiv preprint arXiv:2305.01185},
  year={2023}
}


@article{r6,
  title={Designing educational technologies in the age of AI: A learning sciences-driven approach},
  author={Luckin, Rosemary and Cukurova, Mutlu},
  journal={British Journal of Educational Technology},
  volume={50},
  number={6},
  pages={2824--2838},
  year={2019},
  publisher={Wiley Online Library}
}



@article{r7,
  title={AI in Education needs interpretable machine learning: Lessons from Open Learner Modelling},
  author={Conati, Cristina and Porayska-Pomsta, Kaska and Mavrikis, Manolis},
  journal={arXiv preprint arXiv:1807.00154},
  year={2018}
}



@article{r8,
  title={Opportunities, challenges, and strategies for using ChatGPT in higher education: A literature review},
  author={Sok, Sarin and Heng, Kimkong},
  journal={Journal of Digital Educational Technology},
  volume={4},
  number={1},
  pages={ep2401},
  year={2024},
  publisher={Bastas}
}



@inproceedings{r9,
  title={Engineering education in the era of ChatGPT: Promise and pitfalls of generative AI for education},
  author={Qadir, Junaid},
  booktitle={2023 IEEE Global Engineering Education Conference (EDUCON)},
  pages={1--9},
  year={2023},
  organization={IEEE}
}



@article{r10,
  title={How is AI used in education—Real world examples of today and a peek into the future},
  author={Marr, Bernard},
  journal={Forbes, Forbes Magazine},
  volume={25},
  year={2018}
}
